% ----------------------------------------------------
% Paper Specific References
% ----------------------------------------------------    


@inproceedings{DBLP:conf/fpga/WillenbergC13,
  author    = {Ruediger Willenberg and
               Paul Chow},
  title     = {A remote memory access infrastructure for global address space programming
               models in FPGAs},
  booktitle = {The 2013 {ACM/SIGDA} International Symposium on Field Programmable
               Gate Arrays, {FPGA} '13, Monterey, CA, USA, February 11-13, 2013},
  pages     = {211--220},
  year      = {2013},
  url       = {http://doi.acm.org/10.1145/2435264.2435301},
  doi       = {10.1145/2435264.2435301},
  timestamp = {Wed, 27 Feb 2013 08:26:59 +0100},
  biburl    = {http://dblp.uni-trier.de/rec/bib/conf/fpga/WillenbergC13},
  bibsource = {dblp computer science bibliography, http://dblp.org}
}

@article{DBLP:journals/jpdc/MooreLK12,
  author    = {Nicholas Moore and
               Miriam Leeser and
               Laurie A. Smith King},
  title     = {VForce: An environment for portable applications on high performance
               systems with accelerators},
  journal   = {J. Parallel Distrib. Comput.},
  volume    = {72},
  number    = {9},
  pages     = {1144--1156},
  year      = {2012},
  url       = {http://dx.doi.org/10.1016/j.jpdc.2011.07.014},
  doi       = {10.1016/j.jpdc.2011.07.014},
  timestamp = {Fri, 19 Oct 2012 13:56:48 +0200},
  biburl    = {http://dblp.uni-trier.de/rec/bib/journals/jpdc/MooreLK12},
  bibsource = {dblp computer science bibliography, http://dblp.org}
}

@article{DBLP:journals/trets/SaldanaPMNWCWSP10,
  author    = {Manuel Salda{\~{n}}a and
               Arun Patel and
               Christopher A. Madill and
               Daniel Nunes and
               Danyao Wang and
               Paul Chow and
               Ralph Wittig and
               Henry Styles and
               Andrew Putnam},
  title     = {{MPI} as a Programming Model for High-Performance Reconfigurable Computers},
  journal   = {{TRETS}},
  volume    = {3},
  number    = {4},
  pages     = {22},
  year      = {2010},
  url       = {http://doi.acm.org/10.1145/1862648.1862652},
  doi       = {10.1145/1862648.1862652},
  timestamp = {Wed, 08 Dec 2010 08:58:19 +0100},
  biburl    = {http://dblp.uni-trier.de/rec/bib/journals/trets/SaldanaPMNWCWSP10},
  bibsource = {dblp computer science bibliography, http://dblp.org}
}

@inproceedings{DBLP:conf/fpga/FilguerasGJAMLNV14,
  author    = {Antonio Filgueras and
               Eduard Gil and
               Daniel Jim{\'{e}}nez{-}Gonz{\'{a}}lez and
               Carlos Alvarez and
               Xavier Martorell and
               Jan Langer and
               Juanjo Noguera and
               Kees A. Vissers},
  title     = {OmpSs@Zynq all-programmable SoC ecosystem},
  booktitle = {The 2014 {ACM/SIGDA} International Symposium on Field-Programmable
               Gate Arrays, {FPGA} '14, Monterey, CA, {USA} - February 26 - 28, 2014},
  pages     = {137--146},
  year      = {2014},
  url       = {http://doi.acm.org/10.1145/2554688.2554777},
  doi       = {10.1145/2554688.2554777},
  timestamp = {Mon, 24 Feb 2014 13:13:31 +0100},
  biburl    = {http://dblp.uni-trier.de/rec/bib/conf/fpga/FilguerasGJAMLNV14},
  bibsource = {dblp computer science bibliography, http://dblp.org}
}


@article{DBLP:journals/ijrc/JozwikHETT13,
  author    = {Krzysztof Jozwik and
               Shinya Honda and
               Masato Edahiro and
               Hiroyuki Tomiyama and
               Hiroaki Takada},
  title     = {Rainbow: An Operating System for Software-Hardware Multitasking on
               Dynamically Partially Reconfigurable FPGAs},
  journal   = {Int. J. Reconfig. Comp.},
  volume    = {2013},
  year      = {2013},
  url       = {http://dx.doi.org/10.1155/2013/789134},
  doi       = {10.1155/2013/789134},
  timestamp = {Mon, 24 Mar 2014 18:09:23 +0100},
  biburl    = {http://dblp.uni-trier.de/rec/bib/journals/ijrc/JozwikHETT13},
  bibsource = {dblp computer science bibliography, http://dblp.org}
}

@inproceedings{DBLP:conf/fpl/FlemingYAE14,
  author    = {Kermin Fleming and
               Hsin{-}Jung Yang and
               Michael Adler and
               Joel S. Emer},
  title     = {The {LEAP} {FPGA} operating system},
  booktitle = {24th International Conference on Field Programmable Logic and Applications,
               {FPL} 2014, Munich, Germany, 2-4 September, 2014},
  pages     = {1--8},
  year      = {2014},
  url       = {http://dx.doi.org/10.1109/FPL.2014.6927488},
  doi       = {10.1109/FPL.2014.6927488},
  timestamp = {Thu, 30 Oct 2014 14:01:03 +0100},
  biburl    = {http://dblp.uni-trier.de/rec/bib/conf/fpl/FlemingYAE14},
  bibsource = {dblp computer science bibliography, http://dblp.org}
}

@inproceedings{DBLP:conf/fpl/PeckAASBA06,
  author    = {Wesley Peck and
               Erik K. Anderson and
               Jason Agron and
               Jim Stevens and
               Fabrice Baijot and
               David L. Andrews},
  title     = {Hthreads: {A} Computational Model for Reconfigurable Devices},
  booktitle = {Proceedings of the 2006 International Conference on Field Programmable
               Logic and Applications (FPL), Madrid, Spain, August 28-30, 2006},
  pages     = {1--4},
  year      = {2006},
  url       = {http://doi.ieeecomputersociety.org/10.1109/FPL.2006.311336},
  doi       = {10.1109/FPL.2006.311336},
  timestamp = {Mon, 11 Jul 2011 13:44:26 +0200},
  biburl    = {http://dblp.uni-trier.de/rec/bib/conf/fpl/PeckAASBA06},
  bibsource = {dblp computer science bibliography, http://dblp.org}
}


@MISC{Opencl,
        AUTHOR = {{The Kronos Group}},
        HOWPUBLISHED = {{https://www.khronos.org/registry/cl/}}},
}

@MISC{AlteraOpencl,
        AUTHOR = {{Altera Inc.}},
        HOWPUBLISHED = {{http://www.altera.com/products/software/opencl/opencl-index.html}}
}

@MISC{XilinxOpencl,
        AUTHOR = {{Xilinx Inc.}},
        HOWPUBLISHED = {{http://www.xilinx.com}}
}


@inbook{mpAlgo,
 author = {Alberto Apostolico, Zvi Galil},
 title = {Pattern Matching Algorithms},
 year = {1997},
 pages = {7-11},
 chapter = {1},
 note = {mp algorithm}
}

@INPROCEEDINGS{Chou92synthesisof,
    author = {Pai Chou and Ross Ortega and Gaetano Borriello},
    title = {Synthesis of the Hardware/Software Interface in Microcontroller-Based Systems},
    booktitle = {In Proceedings of the International Conference on Computer Aided Design},
    year = {1992},
    pages = {488--495}
}

@INPROCEEDINGS{Chou95thechinook,
    author = {Pai H. Chou and Ross B. Ortega and Gaetano Borriello},
    title = {The Chinook Hardware/Software Co-Synthesis System},
    booktitle = {In International Symposium on System Synthesis},
    year = {1995},
    pages = {22--27}
}


@inproceedings{DBLP:conf/dac/LiaoTG97,
  author    = {Stan Y. Liao and
               Steven W. K. Tjiang and
               Rajesh K. Gupta},
  title     = {An Efficient Implementation of Reactivity for Modeling Hardware
               in the Scenic Design Environment},
  booktitle = {DAC},
  year      = {1997},
  pages     = {70-75},
  ee        = {http://doi.acm.org/10.1145/266021.266037},
  bibsource = {DBLP, http://dblp.uni-trier.de}
}




@INPROCEEDINGS{Abdulla04designingsafe,
    author = {Parosh Aziz Abdulla and Johann Deneux},
    title = {Designing Safe, Reliable Systems using Scade},
    booktitle = {In Proc. ISoLA 2004},
    year = {2004}
}

@inproceedings{Colaco,
 author = {Cola\c{c}o, Jean-Louis and Hamon, Gr\'{e}goire and Pouzet, Marc},
 title = {Mixing signals and modes in synchronous data-flow systems},
 booktitle = {Proceedings of the 6th ACM \& IEEE International conference on Embedded software},
 series = {EMSOFT '06},
 year = {2006},
 isbn = {1-59593-542-8},
 location = {Seoul, Korea},
 pages = {73--82},
 numpages = {10},
 acmid = {1176899},
 publisher = {ACM},
 address = {New York, NY, USA},
 keywords = {compilation, languages, mode automata, synchronous},
} 



@ARTICLE{Lustre1991,
author={Halbwachs, N. and Caspi, P. and Raymond, P. and Pilaud, D.},
journal={Proceedings of the IEEE}, title={The synchronous data flow programming language LUSTRE},
year={1991},
month={sep},
volume={79},
number={9},
pages={1305 -1320},
keywords={LUSTRE;description tools;program verification methodology;reactive systems;sequential program;synchronous data flow programming language;temporal logics;parallel languages;program verification;temporal logic;},
doi={10.1109/5.97300},
ISSN={0018-9219},}


@inproceedings{MainlandM10,
  author = {Geoffrey Mainland and Greg Morrisett},
  title = {Nikola: Embedding Compiled {GPU} Functions in {Haskell}},
  booktitle = {Proceedings of the 2010 ACM SIGPLAN Symposium on Haskell (Haskell'10)},
  year = {2010},
  month = sep,
  location = {Baltimore, MD},
  publisher = {ACM},
  address = {New York, NY, USA},
  pdf = {http://www.eecs.harvard.edu/~mainland/publications/mainland10nikola.pdf}
  }
}

@inproceedings{MEMOCODE2010,
title={A Design Flow Based on Modular Refinement},
author = {Nirav Dave and  
          Man Cheuk Ng and
          Michael Pellauer and
          Arvind},
booktitle = {Formal Methods and Models for Codesign (MEMOCODE 2010)},
location = {Grenoble, France. June 2010 }
}

@inproceedings{DBLP:conf/emsoft/TalpinBGG06,
  author    = {Jean-Pierre Talpin and
               Christian Brunette and
               Thierry Gautier and
               Abdoulaye Gamati{\'e}},
  title     = {Polychronous mode automata},
  booktitle = {EMSOFT},
  year      = {2006},
  pages     = {83-92},
  ee        = {http://doi.acm.org/10.1145/1176887.1176900},
  bibsource = {DBLP, http://dblp.uni-trier.de}
}


@ARTICLE{Lynch89IOAutomata,
    author = {Nancy A. Lynch and Mark R. Tuttle},
    title = {An introduction to input/output automata},
    journal = {CWI Quarterly},
    year = {1989},
    volume = {2},
    pages = {219--246}
}

@inproceedings{meredith-katelman-meseguer-rosu-2010-memocode,
author={Patrick O'Neil Meredith and Michael Katelman and Jos{\'e} Meseguer and Grigore Ro\c{s}u},
title={A Formal Executable Semantics of {V}erilog},
booktitle={Eighth ACM/IEEE International Conference on Formal Methods and Models for Codesign (MEMOCODE'10)},
year={2010},
publisher={IEEE},
pages={179-188}
}

@article{DBLP:journals/dc/ShavitT97,
  author    = {Nir Shavit and
               Dan Touitou},
  title     = {Software Transactional Memory},
  journal   = {Distributed Computing},
  volume    = {10},
  number    = {2},
  year      = {1997},
  pages     = {99-116},
  bibsource = {DBLP, http://dblp.uni-trier.de}
}

@inproceedings{DBLP:conf/podc/SchererS05,
  author    = {William N. Scherer III and
               Michael L. Scott},
  title     = {Advanced contention management for dynamic software transactional
               memory},
  booktitle = {PODC},
  year      = {2005},
  ee        = {http://doi.acm.org/10.1145/1073814.1073861},
  bibsource = {DBLP, http://dblp.uni-trier.de}
}
%  pages     = {240-248},


@inproceedings{DBLP:conf/ershov/DennisFL72,
  author    = {Jack B. Dennis and
               John B. Fosseen and
               John P. Linderman},
  title     = {Data flow schemas},
  booktitle = {International Sympoisum on Theoretical Programming},
  year      = {1972},
  ee        = {http://dx.doi.org/10.1007/3-540-06720-5_15},
  bibsource = {DBLP, http://dblp.uni-trier.de}
}
%  pages     = {187-216},


@ARTICLE{ArvindNikhil:TaggedToken,
author={Arvind and Nikhil, R.S.},
journal={Computers, IEEE Transactions on}, 
title={{Executing a program on the MIT Tagged-Token Dataflow Architecture }},
year={1990},
month=mar,
volume={39},
number={3},
pages={300 -318},
keywords={Id;MIT tagged-token dataflow architecture;compilation;determinacy;dynamic dataflow graphs;fine-grained parallelism;general-purpose high-performance parallel computing;high-level language;multiprocessor architecture;operational semantics;parallel machine language;high level languages;parallel architectures;parallel programming;program compilers;},
doi={10.1109/12.48862},
ISSN={0018-9340},}


@inproceedings{DBLP:conf/isca/Arvind81,
  author    = {Arvind},
  title     = {Data Flow Languages and Architecture},
  booktitle = {ISCA},
  year      = {1981},
  pages     = {1},
  bibsource = {DBLP, http://dblp.uni-trier.de}
}

@article{DBLP:journals/tc/LeeM87,
  author    = {Edward A. Lee and
               David G. Messerschmitt},
  title     = {Static Scheduling of Synchronous Data Flow Programs for
               Digital Signal Processing},
  journal   = {IEEE Trans. Computers},
  volume    = {36},
  number    = {1},
  year      = {1987},
  pages     = {24-35},
  bibsource = {DBLP, http://dblp.uni-trier.de}
}

@ARTICLE{ESLIEEE/Agarwal/ManCheuk/Arvind, 
  author={Agarwal, A. and Man Cheuk Ng and Arvind}, 
  journal={Embedded Systems Letters, IEEE}, title={A Comparative Evaluation of High-Level Hardware Synthesis Using Reed-Solomon Decoder}, 
  year={2010}, 
  month=sept. , 
  volume={2}, 
  number={3}, 
  pages={72 -76}, 
  keywords={C code;HDL;Reed-Solomon decoder;high-level hardware synthesis;Reed-Solomon codes;decoding;hardware description languages;high level synthesis;}, 
  doi={10.1109/LES.2010.2055231}, 
  ISSN={1943-0663},}

@inproceedings{DBLP:conf/cc/ThiesKA02,
  author    = {William Thies and
               Michal Karczmarek and
               Saman P. Amarasinghe},
  title     = {StreamIt: A Language for Streaming Applications},
  booktitle = {CC},
  year      = {2002},
  ee        = {http://link.springer.de/link/service/series/0558/bibs/2304/23040179.htm},
  crossref  = {DBLP:conf/cc/2002},
  bibsource = {DBLP, http://dblp.uni-trier.de}
}
%  pages     = {179-196},


@proceedings{DBLP:conf/cc/2002,
  editor    = {R. Nigel Horspool},
  title     = {Compiler Construction, 11th International Conference, CC
               2002, Held as Part of the Joint European Conferences on
               Theory and Practice of Software, ETAPS 2002, Grenoble, France,
               April 8-12, 2002, Proceedings},
  booktitle = {CC},
  publisher = {Springer},
  series    = {Lecture Notes in Computer Science},
  volume    = {2304},
  year      = {2002},
  isbn      = {3-540-43369-4},
  bibsource = {DBLP, http://dblp.uni-trier.de}
}


@inproceedings{DBLP:conf/ifip/Kahn74,
  author    = {Gilles Kahn},
  title     = {The Semantics of Simple Language for Parallel Programming},
  booktitle = {IFIP Congress},
  year      = {1974},
  pages     = {471-475},
  bibsource = {DBLP, http://dblp.uni-trier.de}
}

@MISC{Verilator:www,
        AUTHOR = {{W. Snyder and P. Wasson, and D. Galbi}},
        TITLE = {{Verilator}},
        YEAR   = {{2007}},
        HOWPUBLISHED = {{\texttt{http://www.veripool.com/verilator.html}}},
}

@MISC{AutoESL:www,
        AUTHOR = {{AutoESL Desisgn Technologies, Inc.}},
        HOWPUBLISHED = {{\texttt{http://www.autoesl.com}}},
}


@MISC{MDC09:Spec,
        AUTHOR = {{MEMOCode Design Contest}},
        TITLE  = {{Cartesian-to-Polar Interpolation}},
        HOWPUBLISHED = {\texttt{{http://www.ece.cmu.edu/~jhoe/distribution/}}
                        \texttt{mc09contest/contest09.pdf}}
}


@inproceedings{Strassen:MatrixAlgo,
 author = {Volker Strassen},
 title = {Gaussian Elimination is Not Optimal},
 booktitle = {Numerische Mathematik 13},
 year = {1969},
 pages = {354--356}
 }


@MANUAL{IBM:PLBSpec,
        TITLE = "The CoreConnect (TM) Bus Architecture",
        ORGANIZATION = "IBM,~Inc.",
        YEAR = {1999}
}

@MISC{Memocode:DesignContest,
        AUTHOR = {{Forrest Brewer and James C. Hoe}},
        TITLE = {{The First MEMOCODE HW/SW Co-design Contest}},
        HOWPUBLISHED = {{\texttt{https://memocode07.ece.cmu.edu/contest.html}}},
        MONTH = {March},
        YEAR = {2007}
}

@ARTICLE{Volder:CORDIC,
        AUTHOR = "Jack E. Volder",
        TITLE = {{The CORDIC Trigonometric Computing Technique}},
        JOURNAL = {{IRE Transactions on Electronic Computers}},
        VOLUME = {8},
        NUMBER = {3},
        PAGES = {330--334},
        MONTH = {September},
        YEAR = {1959}
}


@article{Ptolemy,
  author    = {Joseph T. Buck and
               Soonhoi Ha and
               Edward A. Lee and
               David G. Messerschmitt},
  title     = {Ptolemy: A Framework for Simulating and Prototyping Heterogenous
               Systems},
  journal   = {Int. Journal in Computer Simulation},
  volume    = {4},
  number    = {2},
  year      = {1994},
  pages     = {0-},
  bibsource = {DBLP, http://dblp.uni-trier.de}
}

@MISC{PtolemyII,
        TITLE  = {{Ptolomy II}},
        AUTHOR = {{Department of EECS, University of California, Berkeley}},
        HOWPUBLISHED = {{http://ptolemy.eecs.berkeley.edu/ptolemyII/}}}
}

@MISC{CatC:www,
        TITLE = {{Catapult-C}},
        AUTHOR = {{Mentor Graphics}},
        HOWPUBLISHED = {{{ http://www.mentor.com/products/esl/}}}
}

@MANUAL{CatC:Manual,
        TITLE = {{Catapult-C Manual and C/C++ style guide}},
        ORGANIZATION = "Mentor Graphics",
        YEAR = {2004}
}

@inproceedings{REL:Lime,
 author = {Huang, Shan Shan and Hormati, Amir and Bacon, David F. and Rabbah, Rodric},
 title = {Liquid Metal: Object-Oriented Programming Across the Hardware/Software Boundary},
 booktitle = {ECOOP '08: Proceedings of the 22nd European conference on Object-Oriented Programming},
 year = {2008},
 isbn = {978-3-540-70591-8},
 location = {Paphos, Cypress},
 doi = {http://dx.doi.org/10.1007/978-3-540-70592-5_5},
 address = {Berlin, Heidelberg},
 }

@article{Metropolis, 
author = {Felice Balarin and Yosinori Watanabe and Harry Hsieh and Luciano Lavagno and Claudio Passerone and Alberto Sangiovanni-Vincentelli},
title = {Metropolis: An Integrated Electronic System Design Environment},
journal ={Computer},
volume = {36},
issn = {0018-9162},
year = {2003},
pages = {45-52},
doi = {http://doi.ieeecomputersociety.org/10.1109/MC.2003.1193228},
publisher = {IEEE Computer Society},
address = {Los Alamitos, CA, USA},
}


@inproceedings{REL:Rapide,
  author    = {David C. Luckham},
  title     = {Rapide: A Language and Toolset for Causal Event Modeling
               of Distributed System Architectures},
  booktitle = {WWCA},
  year      = {1998},
  bibsource = {DBLP, http://dblp.uni-trier.de}
}
%  pages     = {88-96},


@article{REL:Shim,
  author    = {Stephen A. Edwards and
               Olivier Tardieu},
  title     = {SHIM: a deterministic model for heterogeneous embedded systems},
  journal   = {IEEE Trans. VLSI Syst.},
  volume    = {14},
  number    = {8},
  year      = {2006},
  pages     = {854-867},
  ee        = {http://doi.ieeecomputersociety.org/10.1109/TVLSI.2006.878473},
  bibsource = {DBLP, http://dblp.uni-trier.de}
}


@inproceedings{Magellan,
  author    = {Karam S. Chatha and
               Ranga Vemuri},
  title     = {MAGELLAN: multiway hardware-software partitioning and scheduling
               for latency minimization of hierarchical control-dataflow
               task graphs},
  booktitle = {CODES},
  year      = {2001},
  pages     = {42-47},
  ee        = {http://doi.acm.org/10.1145/371636.371671},
  bibsource = {DBLP, http://dblp.uni-trier.de}
}

@MISC{Eles97systemlevel,
    author = {Petru Eles and Zebo Peng and Krzysztof Kuchcinski and Alexa Doboli},
    title = {System Level Hardware/Software Partitioning Based on Simulated Annealing and Tabu Search},
    year = {1997}
}

@article{Arato:2005:AAH:1044111.1044119,
 author = {Arat\'{o}, P\'{e}ter and Mann, Zolt\'{a}n \'{A}d\'{a}m and Orb\'{a}n, Andr\'{a}s},
 title = {Algorithmic aspects of hardware/software partitioning},
 journal = {ACM Trans. Des. Autom. Electron. Syst.},
 volume = {10},
 issue = {1},
 month = {January},
 year = {2005},
 issn = {1084-4309},
 pages = {136--156},
 numpages = {21},
 url = {http://doi.acm.org/10.1145/1044111.1044119},
 doi = {http://doi.acm.org/10.1145/1044111.1044119},
 acmid = {1044119},
 publisher = {ACM},
 address = {New York, NY, USA},
 keywords = {Hardware/software partitioning, graph algorithms, graph bipartitioning, hardware/software codesign, optimization},
}

@article{HWCo_Ernst,
 author = {Ernst, Rolf and Henkel, Jorg and Benner, Thomas},
 title = {Hardware-Software Cosynthesis for Microcontrollers},
 journal = {IEEE Des. Test},
 volume = {10},
 number = {4},
 year = {1993},
 issn = {0740-7475},
 pages = {64--75},
 doi = {http://dx.doi.org/10.1109/54.245964},
 publisher = {IEEE Computer Society Press},
 address = {Los Alamitos, CA, USA},
 }

@INPROCEEDINGS{Edwards:SynthesisFromEsterel,
        AUTHOR = "Stephen Edwards",
        TITLE = {{High-Level Synthesis from the Synchronous Language Esterel}},
        BOOKTITLE = {{Proceedings of IWLS'02}},
        YEAR = {2002},
        ADDRESS = {New Orleans,~LA}
}

@inproceedings{DBLP:conf/concur/BerryC84,
  author    = {G{\'e}rard Berry and
               Laurent Cosserat},
  title     = {{The ESTEREL Synchronous Programming Language and its Mathematical
               Semantics}},
  booktitle = {Seminar on Concurrency},
  year      = {1984},
  pages     = {389-448},
  ee        = {http://dx.doi.org/10.1007/3-540-15670-4_19},
  bibsource = {DBLP, http://dblp.uni-trier.de}
}


@INCOLLECTION{Berry:EsterelOnHW,
        AUTHOR = "G\'erard Berry",
        TITLE = {{Esterel on hardware}},
        BOOKTITLE = {{Mechanized Reasoning and Hardware Design}},
        PAGES = {87--104},
        PUBLISHER = {Prentice Hall},
        YEAR = {1992},
        ADDRESS = {Hertfordshire,~UK}
}

@MISC{Synfora:www,
        TITLE = {{PICO Platform}},
        AUTHOR = {{Synfora}},
        HOWPUBLISHED = {{\texttt{http://www.synfora.com/}}}
}

@MISC{coware:www,
        TITLE = {{ESL Coware 2.0}},
        HOWPUBLISHED = {{\texttt{http://www.coware.com/}}}
}

@MISC{carbon:www,
        TITLE = {{Carbon Design Systems Inc}},
        HOWPUBLISHED = {{\texttt{http://carbondesignsystems.com}}}
}

@MISC{UIO:Howto,
	TITLE = {{The Userspace I/O HOWTO}},
	HOWPUBLISHED = {{https://www.kernel.org/doc/htmldocs/uio-howto/index.html}}}

@techreport{Khalidi:1995:EZI:974947,
 author = {Khalidi, Yousef A. and Thadani, Moti N.},
 title = {{An Efficient Zero-Copy I/O Framework for UNIX}},
 year = {1995},
 publisher = {Sun Microsystems, Inc.},
 address = {Mountain View, CA, USA},
}

@inproceedings{Agrawal:2008:DTS:1404014.1404019,
 author = {Agrawal, Nitin and Prabhakaran, Vijayan and Wobber, Ted and Davis, John D. and Manasse, Mark and Panigrahy, Rina},
 title = {Design Tradeoffs for SSD Performance},
 booktitle = {USENIX 2008 Annual Technical Conference on Annual Technical Conference},
 series = {ATC'08},
 year = {2008},
 location = {Boston, Massachusetts},
 pages = {57--70},
 numpages = {14},
 url = {http://dl.acm.org/citation.cfm?id=1404014.1404019},
 acmid = {1404019},
 publisher = {USENIX Association},
 address = {Berkeley, CA, USA},
}

@MISC{dmabuf,
 author = {Semwal, Sumit},
 title = {{DMA Buffer Sharing API Guide}},
 howpublished = {https://www.kernel.org/doc/Documentation/dma-buf-sharing.txt}}

@inproceedings{King:2012:AGH:2150976.2151011,
 author = {King, Myron and Dave, Nirav and Arvind},
 title = {Automatic Generation of Hardware/Software Interfaces},
 booktitle = {Proceedings of the Seventeenth International Conference on Architectural Support for Programming Languages and Operating Systems},
 series = {ASPLOS XVII},
 year = {2012},
 isbn = {978-1-4503-0759-8},
 location = {London, England, UK},
 pages = {325--336},
 numpages = {12},
 url = {http://doi.acm.org/10.1145/2150976.2151011},
 doi = {10.1145/2150976.2151011},
 acmid = {2151011},
 publisher = {ACM},
 address = {New York, NY, USA},
 keywords = {hardware/software codesign},
}